@misc{volkonsky2000apparatus,
  title={Apparatus for directing a parallel processing computing device to form an absolute value of a signed value},
  author={Volkonsky, V.Y.},
  url={http://www.google.com/patents/US6073150},
  year={2000},
  month=jun # "~6",
  publisher={Google Patents},
  note={US Patent 6,073,150}
}
